<?xml version="1.0" encoding="UTF-8"?><collection xmlns="http://www.loc.gov/MARC21/slim"><record><leader>00461nam--2200181-u-4500</leader><controlfield tag="001">000055998</controlfield><controlfield tag="002">20161230</controlfield><controlfield tag="005">20161230201052</controlfield><controlfield tag="008">141105s1000------------r-----000-0-eng-d</controlfield><datafield ind1=" " ind2=" " tag="020"><subfield code="a">9789736489433</subfield></datafield><datafield ind1=" " ind2=" " tag="040"><subfield code="a">IFIN-HH</subfield></datafield><datafield ind1=" " ind2=" " tag="080"><subfield code="a">550.3</subfield></datafield><datafield ind1="1" ind2=" " tag="100"><subfield code="a">Apostol, Bogdan Felix</subfield></datafield><datafield ind1="1" ind2="0" tag="245"><subfield code="a">Studies in theoretical seismology</subfield><subfield code="c">Bogdan felix apostol</subfield></datafield><datafield ind1=" " ind2=" " tag="260"><subfield code="a">Bucuresti</subfield><subfield code="b">Bren</subfield><subfield code="c">2010</subfield></datafield><datafield ind1=" " ind2=" " tag="300"><subfield code="a">153P</subfield></datafield><datafield ind1=" " ind2=" " tag="852"><subfield code="a">82376</subfield><subfield code="c">550.3</subfield></datafield><datafield ind1=" " ind2=" " tag="CAT"><subfield code="a">Sys</subfield><subfield code="c">20141106</subfield><subfield code="h">113400</subfield></datafield></record></collection>